@comment{x-kbibtex-personnameformatting=<%f ><%l><, %s>}

% This file was created with JabRef 2.10.
% Encoding: ISO8859_1

@article{scrime2015,
	author = "Site internet : le scrime",
	journal = "http://scrime.labri.fr/le-scrime-2",
	owner = "petur001",
	timestamp = "2016.02.11",
	title = "{Pr{\'e}sentation du SCRIME}",
	year = "F{\'e}vrier 2016"
}

@article{thymio2016,
	author = "Site internet : Thymio",
	journal = "https://www.thymio.org/fr:thymio",
	title = "{Pr{\'e}sentation du robot Thymio}",
	year = "F{\'e}vrier 2016"
}

